%% Insert your bibliography here
@article{crick1970central,
  title={Central dogma of molecular biology},
  author={Crick, Francis},
  journal={Nature},
  volume={227},
  number={5258},
  pages={561},
  year={1970},
  publisher={Nature Publishing Group}
}

@misc{ScitableVirus,
  title = {Virus},
  howpublished = {\url{https://www.nature.com/scitable/definition/virus-308}},
  note = {Accessed: 2019-02-13}
}

@article{d2005does,
  title={How does gene expression clustering work?},
  author={D'haeseleer, Patrik},
  journal={Nature biotechnology},
  volume={23},
  number={12},
  pages={1499},
  year={2005},
  publisher={Nature Publishing Group}
}

@article{jiang2004cluster,
  title={Cluster analysis for gene expression data: a survey},
  author={Jiang, Daxin and Tang, Chun and Zhang, Aidong},
  journal={IEEE Transactions on knowledge and data engineering},
  volume={16},
  number={11},
  pages={1370--1386},
  year={2004},
  publisher={IEEE}
}

@article{quackenbush2003microarrays,
  title={Microarrays--guilt by association},
  author={Quackenbush, John},
  journal={Science},
  volume={302},
  number={5643},
  pages={240--241},
  year={2003},
  publisher={American Association for the Advancement of Science}
}

@inproceedings{pelleg2000x,
  title={X-means: Extending k-means with efficient estimation of the number of clusters.},
  author={Pelleg, Dan and Moore, Andrew W and others},
  booktitle={Icml},
  volume={1},
  pages={727--734},
  year={2000}
}


@misc{TanVYF,
  author        = {Vincent YF Tan},
  title         = {MA4270 Lecture notes},
  month         = {Jan},
  year          = {2018},
}

@inproceedings{pham2009unsupervised,
  title={Unsupervised training of Bayesian networks for data clustering},
  author={Pham, Duc Truong and Ruz, Gonzalo A},
  booktitle={Proceedings of the Royal Society of London A: Mathematical, Physical and Engineering Sciences},
  volume={465},
  number={2109},
  pages={2927--2948},
  year={2009},
  organization={The Royal Society}
}

@incollection{cobb2007bayesian,
  title={Bayesian network models with discrete and continuous variables},
  author={Cobb, Barry R and Rum{\'\i}, Rafael and Salmer{\'o}n, Antonio},
  booktitle={Advances in probabilistic graphical models},
  pages={81--102},
  year={2007},
  publisher={Springer}
}

@article{schliep2003using,
  title={Using hidden Markov models to analyze gene expression time course data},
  author={Schliep, Alexander and Sch{\"o}nhuth, Alexander and Steinhoff, Christine},
  journal={Bioinformatics},
  volume={19},
  number={suppl\_1},
  pages={i255--i263},
  year={2003},
  publisher={Oxford University Press}
}

@article{friedman2000using,
  title={Using Bayesian networks to analyze expression data},
  author={Friedman, Nir and Linial, Michal and Nachman, Iftach and Pe'Er, Dana},
  journal={Journal of computational biology},
  volume={7},
  number={3-4},
  pages={601--620},
  year={2000},
  publisher={Mary Ann Liebert, Inc.}
}

@book{bishop2006pattern,
  title={Pattern recognition and machine learning},
  author={Bishop, Christopher M},
  year={2006},
  publisher={springer}
}

@inproceedings{arthur2007k,
  title={k-means++: The advantages of careful seeding},
  author={Arthur, David and Vassilvitskii, Sergei},
  booktitle={Proceedings of the eighteenth annual ACM-SIAM symposium on Discrete algorithms},
  pages={1027--1035},
  year={2007},
  organization={Society for Industrial and Applied Mathematics}
}

@article{bock1996probabilistic,
  title={Probabilistic models in cluster analysis},
  author={Bock, Hans H},
  journal={Computational Statistics \& Data Analysis},
  volume={23},
  number={1},
  pages={5--28},
  year={1996},
  publisher={Elsevier}
}

@article{still2004many,
  title={How many clusters? an information-theoretic perspective},
  author={Still, Susanne and Bialek, William},
  journal={Neural computation},
  volume={16},
  number={12},
  pages={2483--2506},
  year={2004},
  publisher={MIT Press}
}

@article{burnham2004multimodel,
  title={Multimodel inference: understanding AIC and BIC in model selection},
  author={Burnham, Kenneth P and Anderson, David R},
  journal={Sociological methods \& research},
  volume={33},
  number={2},
  pages={261--304},
  year={2004},
  publisher={Sage Publications Sage CA: Thousand Oaks, CA}
}

@inproceedings{meila2005comparing,
  title={Comparing clusterings: an axiomatic view},
  author={Meil«é, Marina},
  booktitle={Proceedings of the 22nd international conference on Machine learning},
  pages={577--584},
  year={2005},
  organization={ACM}
}

@article{kodinariya2013review,
  title={Review on determining number of Cluster in K-Means Clustering},
  author={Kodinariya, Trupti M and Makwana, Prashant R},
  journal={International Journal},
  volume={1},
  number={6},
  pages={90--95},
  year={2013}
}

@article{ang2009epidemiology,
  title={Epidemiology and control of hand, foot and mouth disease in Singapore},
  author={Ang, Li Wei and Koh, Benjamin KW and Chan, Kwai Peng and Chua, Lian Tee and James, Lyn and Goh, Kee Tai},
  journal={Ann Acad Med Singapore},
  volume={38},
  number={2},
  pages={106--12},
  year={2009}
}

@article{maimon2005data,
  title={Data mining and knowledge discovery handbook},
  author={Maimon, Oded and Rokach, Lior},
  year={2005},
  publisher={Springer}
}